[gd_scene load_steps=14 format=2]

[ext_resource path="res://Assets/Levels/Nexus.tscn" type="PackedScene" id=1]
[ext_resource path="res://Assets/Teams/Teams.tscn" type="PackedScene" id=2]
[ext_resource path="res://Assets/Professions/Professions.tscn" type="PackedScene" id=3]
[ext_resource path="res://Assets/Spells/Spells.tscn" type="PackedScene" id=4]
[ext_resource path="res://Assets/Effects/Effects.tscn" type="PackedScene" id=5]
[ext_resource path="res://Assets/Levels/Avatar.tscn" type="PackedScene" id=9]
[ext_resource path="res://Assets/Ui/UI.tscn" type="PackedScene" id=10]
[ext_resource path="res://Assets/Materials/grid.png" type="Texture2D" id=11]
[ext_resource path="res://Assets/Scripts/Bots.gd" type="Script" id=17]
[ext_resource path="res://Assets/Levels/Bot.tscn" type="PackedScene" id=18]



[sub_resource type="StandardMaterial3D" id=1]
flags_world_triplanar = true
albedo_texture = ExtResource( 11 )
uv1_scale = Vector3( 0.5, 0.5, 0.5 )
uv1_triplanar = true

[sub_resource type="NavigationMesh" id=2]
vertices = PackedVector3Array( 0, 0.4, -7.5, -7.5, 0.4, 0, -7.5, 0.4, 7.5, 0, 0.4, 7.5, 7.5, 0.4, 0, 7.5, 0.4, -7.5, 0, 0.4, 7.5, 7.5, 0.4, 7.5, 7.5, 0.4, 0, 0, 0.4, -7.5, -7.5, 0.4, -7.5, -7.5, 0.4, 0 )
polygons = [ PackedInt32Array( 5, 4, 0 ), PackedInt32Array( 0, 4, 3 ), PackedInt32Array( 0, 3, 1 ), PackedInt32Array( 1, 3, 2 ), PackedInt32Array( 8, 7, 6 ), PackedInt32Array( 11, 10, 9 ) ]

[sub_resource type="PlaneMesh" id=3]

[node name="Level" type="Node3D"]

[node name="Teams" parent="." instance=ExtResource( 2 )]

[node name="Professions" parent="." instance=ExtResource( 3 )]

[node name="Spells" parent="." instance=ExtResource( 4 )]

[node name="Effects" parent="." instance=ExtResource( 5 )]

[node name="Bots" type="Node" parent="."]
script = ExtResource( 17 )
bot = ExtResource( 18 )
teams = [ NodePath("../Teams/Team Dragon"), NodePath("../Teams/Team Gryphon"), NodePath("../Teams/Team Phoenix") ]
professions = [ NodePath("../Professions/Healer"), NodePath("../Professions/Magician"), NodePath("../Professions/Mystic") ]

[node name="Nexus Gryphon" parent="." instance=ExtResource( 1 )]
transform = Transform3D( 1, 0, 0, 0, 1, 0, 0, 0, 1, 0, 0, -5 )
owningTeam = NodePath("../../Level/Teams/Team Gryphon")

[node name="Nexus Phoenix" parent="." instance=ExtResource( 1 )]
transform = Transform3D( 1, 0, 0, 0, 1, 0, 0, 0, 1, -6, 0, 6 )
owningTeam = NodePath("../../Level/Teams/Team Phoenix")

[node name="Nexus Dragon" parent="." instance=ExtResource( 1 )]
transform = Transform3D( 1, 0, 0, 0, 1, 0, 0, 0, 1, 6, 0, 6 )
owningTeam = NodePath("../../Level/Teams/Team Dragon")

[node name="Avatar" parent="." instance=ExtResource( 9 )]
team = NodePath("../Teams/Team Dragon")
profession = NodePath("../Professions/Magician")

[node name="UI" parent="." instance=ExtResource( 10 )]

[node name="CSGCombiner3D" type="CSGCombiner3D" parent="."]
use_collision = true

[node name="CSGBox3D" type="CSGBox3D" parent="CSGCombiner3D"]
transform = Transform3D( 1, 0, 0, 0, 1, 0, 0, 0, 1, 0, -1, 0 )
width = 18.0
depth = 18.0
material = SubResource( 1 )

[node name="CSGBox2" type="CSGBox3D" parent="CSGCombiner3D"]
transform = Transform3D( 1, 0, 0, 0, 1, 0, 0, 0, 1, -10, 2, 0 )
height = 8.0
depth = 18.0
material = SubResource( 1 )

[node name="CSGBox4" type="CSGBox3D" parent="CSGCombiner3D"]
transform = Transform3D( -4.37114e-08, 0, 1, 0, 1, 0, -1, 0, -4.37114e-08, 0, 2, 10 )
height = 8.0
depth = 22.0
material = SubResource( 1 )

[node name="CSGBox5" type="CSGBox3D" parent="CSGCombiner3D"]
transform = Transform3D( -4.37114e-08, 0, 1, 0, 1, 0, -1, 0, -4.37114e-08, 0, 2, -10 )
height = 8.0
depth = 22.0
material = SubResource( 1 )

[node name="CSGBox3" type="CSGBox3D" parent="CSGCombiner3D"]
transform = Transform3D( 1, 0, 0, 0, 1, 0, 0, 0, 1, 10, 2, 0 )
height = 8.0
depth = 18.0
material = SubResource( 1 )

[node name="Node3D" type="Node3D" parent="."]
visible = false

[node name="NavigationRegion3D" type="NavigationRegion3D" parent="Node3D"]
navmesh = SubResource( 2 )

[node name="MeshInstance3D" type="MeshInstance3D" parent="Node3D/NavigationRegion3D"]
transform = Transform3D( 8.1, 0, 0, 0, 1, 0, 0, 0, 8.1, 0, 0, 0 )
mesh = SubResource( 3 )
material/0 = null

[editable path="Teams"]

[editable path="Professions"]

[editable path="Spells"]

[editable path="Effects"]
