[gd_scene load_steps=18 format=2]

[ext_resource path="res://Assets/Scripts/AiController.gd" type="Script" id=1]
[ext_resource path="res://Assets/Models/player.glb" type="PackedScene" id=2]
[ext_resource path="res://Assets/Scripts/Player.gd" type="Script" id=3]
[ext_resource path="res://Assets/Scripts/Health.gd" type="Script" id=4]
[ext_resource path="res://Assets/Scripts/AiCastSpell.gd" type="Script" id=5]
[ext_resource path="res://Assets/Scripts/AiBias.gd" type="Script" id=6]
[ext_resource path="res://Assets/Materials/particle_gryphon.png" type="Texture2D" id=7]

[sub_resource type="CapsuleShape3D" id=1]
radius = 0.5

[sub_resource type="PlaneMesh" id=2]

[sub_resource type="ViewportTexture" id=3]
viewport_path = NodePath("SubViewport")

[sub_resource type="StandardMaterial3D" id=4]
resource_local_to_scene = true
flags_unshaded = true
flags_world_triplanar = true
albedo_texture = SubResource( 3 )

[sub_resource type="Curve" id=5]
_data = [ Vector2( 0, 1 ), 0.0, 0.0, 0, 0, Vector2( 1, 0.470455 ), 0.0, 0.0, 0, 0 ]

[sub_resource type="CurveTexture" id=6]
curve = SubResource( 5 )

[sub_resource type="ParticleProcessMaterial" id=7]
resource_local_to_scene = true
lifetime_randomness = 0.2
emission_shape = 1
emission_sphere_radius = 0.2
spread = 10.0
gravity = Vector3( 0, 0, 0 )
linear_accel = 0.5
linear_accel_random = 0.26
scale_curve = SubResource( 6 )

[sub_resource type="StandardMaterial3D" id=8]
flags_unshaded = true
vertex_color_use_as_albedo = true
params_blend_mode = 1
params_billboard_mode = 3
particles_anim_h_frames = 1
particles_anim_v_frames = 1
particles_anim_loop = false
albedo_texture = ExtResource( 7 )

[sub_resource type="QuadMesh" id=9]
material = SubResource( 8 )
size = Vector2( 0.1, 0.1 )

[sub_resource type="CapsuleShape3D" id=10]
radius = 0.51
height = 1.01

[node name="Bot" type="CharacterBody3D" groups=[
"Player",
]]
script = ExtResource( 1 )

[node name="RayCast3D" type="RayCast3D" parent="."]
transform = Transform3D( -4.37114e-08, 0, 1, 0, 1, 0, -1, 0, -4.37114e-08, 0.131407, 1.75875, 0 )

[node name="CollisionShape3D" type="CollisionShape3D" parent="."]
transform = Transform3D( 1, 0, 0, 0, -1.62921e-07, -1, 0, 1, -1.62921e-07, 0, 1, 0 )
shape = SubResource( 1 )
__meta__ = {
"_editor_description_": ""
}

[node name="player" parent="." instance=ExtResource( 2 )]
transform = Transform3D( -4.37114e-08, 0, 1, 0, 1, 0, -1, 0, -4.37114e-08, 0, 0, 0 )
script = ExtResource( 3 )

[node name="MeshInstance3D" type="MeshInstance3D" parent="."]
transform = Transform3D( 1, -1.74845e-07, -7.64275e-15, 0, -4.37114e-08, 1, -1.74845e-07, -1, -4.37114e-08, 0, 3.02589, 0 )
mesh = SubResource( 2 )
material/0 = SubResource( 4 )

[node name="SubViewport" type="SubViewport" parent="."]
size = Vector2( 50, 16 )

[node name="Label" type="Label" parent="SubViewport"]
offset_right = 40.0
offset_bottom = 14.0
text = "Bot"

[node name="Bias" type="Node" parent="."]
script = ExtResource( 6 )

[node name="Health" type="Node" parent="."]
script = ExtResource( 4 )
__meta__ = {
"_editor_description_": ""
}

[node name="Ai Cast Spell" type="Node" parent="."]
script = ExtResource( 5 )

[node name="GPUParticles3D" type="GPUParticles3D" parent="."]
transform = Transform3D( 0.999994, 0.00225939, -0.00247158, -0.00326783, 0.497231, -0.867612, -0.000731323, 0.867615, 0.497236, 0, 1.42957, -0.380406 )
visible = false
amount = 20
lifetime = 2.5
visibility_aabb = AABB( -1, -1, -1, 2, 2, 2 )
process_material = SubResource( 7 )
draw_pass_1 = SubResource( 9 )
__meta__ = {
"_editor_description_": ""
}

[node name="Area3D" type="Area3D" parent="."]

[node name="CollisionShape3D" type="CollisionShape3D" parent="Area3D"]
transform = Transform3D( 1, 0, 0, 0, -1.62921e-07, -1, 0, 1, -1.62921e-07, 0, 1, 0 )
shape = SubResource( 10 )
