[gd_scene load_steps=10 format=3 uid="uid://duxef3nx6lg6r"]

[ext_resource type="Script" path="res://Assets/Scripts/Nexus.gd" id="1"]
[ext_resource type="PackedScene" uid="uid://c8aaulxcabgvs" path="res://Assets/Levels/Keep/nexus.glb" id="2"]
[ext_resource type="Texture2D" uid="uid://bvmivppf2pn12" path="res://Assets/Materials/particle_gryphon.png" id="3"]

[sub_resource type="Curve" id="1"]
_data = [Vector2(0, 1), 0.0, 0.0, 0, 0, Vector2(1, 0.470455), 0.0, 0.0, 0, 0]
point_count = 2

[sub_resource type="CurveTexture" id="2"]
curve = SubResource("1")

[sub_resource type="ParticleProcessMaterial" id="3"]
resource_local_to_scene = true
lifetime_randomness = 0.2
emission_shape = 1
emission_sphere_radius = 0.2
spread = 10.0
gravity = Vector3(0, 0, 0)
scale_curve = SubResource("2")

[sub_resource type="StandardMaterial3D" id="4"]
transparency = 1
blend_mode = 1
shading_mode = 0
vertex_color_use_as_albedo = true
albedo_texture = ExtResource("3")
billboard_mode = 3
particles_anim_h_frames = 1
particles_anim_v_frames = 1
particles_anim_loop = false

[sub_resource type="QuadMesh" id="5"]
material = SubResource("4")
size = Vector2(0.1, 0.1)

[sub_resource type="BoxShape3D" id="6"]
size = Vector3(2.99762, 2, 2.9943)

[node name="Nexus" type="Node3D" groups=["Nexus"]]
script = ExtResource("1")

[node name="Model" parent="." instance=ExtResource("2")]

[node name="GPUParticles3D" type="GPUParticles3D" parent="."]
transform = Transform3D(0.999994, 0.00225936, -0.00247148, 0.00226722, -0.999992, 0.00318771, -0.00246428, -0.00319328, -0.999992, 0, 0.364141, 0)
amount = 20
lifetime = 2.5
visibility_aabb = AABB(-1, -1, -1, 2, 2, 2)
process_material = SubResource("3")
draw_pass_1 = SubResource("5")

[node name="Area3D" type="Area3D" parent="."]

[node name="CollisionShape3D" type="CollisionShape3D" parent="Area3D"]
transform = Transform3D(1, 0, 0, 0, 1, 0, 0, 0, 1, 0, 1.1257, 0)
shape = SubResource("6")

[node name="OmniLight3D" type="OmniLight3D" parent="."]
transform = Transform3D(1, 0, 0, 0, 1, 0, 0, 0, 1, 0, 2.48463, 0)

[connection signal="body_entered" from="Area3D" to="." method="_on_Area_body_entered"]
[connection signal="body_exited" from="Area3D" to="." method="_on_Area_body_exited"]
